
@book{Wilkinson,
 author = {Wilkinson, L.},
 title = {The Grammar of Graphics},
 year = {2005},
 isbn = {0387245448},
 publisher = {Springer-Verlag},
 address = {Berlin, Heidelberg},
} 
